@article{afshari2019thermodynamic,
  title={Thermodynamic analysis of a system converted from heat pump to refrigeration device},
  author={Afshari, Faraz and Karagoz, Sendogan and Comakli, Omer and Ghasemi Zavaragh, Hadi},
  journal={Heat and Mass Transfer},
  volume={55},
  pages={281--291},
  year={2019},
  publisher={Springer}
}

@misc{ramspeck2004thermal,
  title={Thermal environmental conditions for human occupancy},
  author={Ramspeck, Claire B and others},
  year={2004},
  publisher={ASHRAE Standards}
}

@article{chotivisarut2012seasonal,
  title={Seasonal cooling load reduction of building by thermosyphon heat pipe radiator in different climate areas},
  author={Chotivisarut, Nammont and Nuntaphan, Atipoang and Kiatsiriroat, Tanongkiat},
  journal={Renewable energy},
  volume={38},
  number={1},
  pages={188--194},
  year={2012},
  publisher={Elsevier}
}
