@misc{1,
	author = {中国信息通讯研究院},
	title = {数据中心白皮书(2022 年)},
	url = {http://www.scdsjzx.cn/scdsjzx/ziliaoxiazai/2022/6/27/5b92a33cc6de4ec18c940410bf7cbdba.shtml},
	date = {2022-06-27},
}

@article{2,
	author = {苏林 and 董凯军 and 孙钦 and others},
	title = {数据中心冷却节能研究进展},
	journal = {新能源进展},
	volume = {7},
	number = {93-104},
	year = {2019},
	issn = {2095-560X},
}

@article{3,
	author = {林冬},
	title = {“双碳”背景下我国绿色数据中心建设的思考与研究},
	journal = {节能},
	volume = {42},
	number = {73-76},
	year = {2023},
	issn = {1004-7948},
}

@article{4,
	title={Cooling systems in data centers: state of art and emerging technologies},
	author={Capozzoli and Alfonso and Primiceri and Giulio},
	journal={Energy Procedia},
	volume={83},
	pages={484--493},
	year={2015},
	publisher={Elsevier}
}

@article{5,
	title={Using data centres for combined heating and cooling: An investigation for London},
	author={Davies, GF and Maidment, GG and Tozer, RM},
	journal={Applied Thermal Engineering},
	volume={94},
	pages={296--304},
	year={2016},
	publisher={Elsevier}
}

@article{6,
	title={Thermal Management and Energy Consumption in Air, Liquid, and Free Cooling Systems for Data Centers: A Review},
	author={Xu, Sijun and Zhang, Hua and Wang, Zilong},
	journal={Energies},
	volume={16},
	number={3},
	pages={1279},
	year={2023},
	publisher={MDPI}
}

@article{7,
	author = {包建羽 and 程琳琳},
	title = {算力“出圈”，PUE告急  液冷技术热度攀升},
	journal = {通信世界},
	volume = {},
	number = {8-10},
	year = {2023},
	issn = {1009-1564},
	doi ={10.13571/j.cnki.cww.2023.14.016}
}

@article{8,
	author = {叶萌 and 张学伟 and 盖东兴},
	title = {数据中心气流组织研究综述},
	journal = {绿色科技},
	volume = {23},
	number = {218-221+228},
	year = {2021},
	issn = {1674-9944},
	doi ={10.16663/j.cnki.lskj.2021.24.009}
}


@proceedings{9,
    author = {Shrivastava , Saurabh and Sammakia, Bahgat and Schmidt, Roger and Iyengar, Madhusudan},
    title = {Comparative Analysis of Different Data Center Airflow Management Configurations},
    volume = {Advances in Electronic Packaging, Parts A, B, and C},
    series = {International Electronic Packaging Technical Conference and Exhibition},
    pages = {329-336},
    year = {2005},
    month = {07},
    doi = {10.1115/IPACK2005-73234},
    url = {https://doi.org/10.1115/IPACK2005-73234},
}

@article{10,
	author = {RR SCHMIDT and IYENGAR M and VOGEL M and other},
	title = {Comparison between underfloor supply and overhead supply ventilation designs for data center high-density clusters/dission},
	year = {2007},
}

@article{11,
	author = {许陆顺 and 张忠斌 and 宋平 and 巩莉},
	title = {地板下送风数据中心冷通道导流的结构研究},
	journal = {西安工程大学学报},
	volume = {37},
	number = {53-60},
	year = {2023},
	issn = {1674-649X},
	doi ={10.13338/j.issn.1674-649x.2023.05.008}
}

@article{12,
	author = {杨力芝 and 张忠斌 and 陆宏杰 and other},
	title = {地板送风方式对数据中心热环境性能的影响分析},
	journal = {暖通空调},
	volume = {48},
	number = {25-31+53},
	year = {2018},
	issn = {1002-8501},
}

@article{13,
	author = {李婷婷 and 黄翔 and 耿志超},
	title = {送风方式对热通道封闭数据中心热环境影响的模拟研究},
	journal = {流体机械},
	volume = {47},
	number = {62-67},
	year = {2019},
	issn = {1005-0329},
}

@article{14,
	author = {陈修敏 and 张九根},
	title = {数据中心机房空调系统设计及气流优化分析},
	journal = {流体机械},
	volume = {42},
	number = {79-82+86},
	year = {2014},
	issn = {1005-0329},
}

@mastersthesis{15,
	author = {王志刚},
	title = {数据中心气流组织及影响因素研究},
	school = {北京建筑大学},
	year = {2019}
 }

@mastersthesis{16,
	 author = {徐志立},
	 title = {基于CFD仿真的上送风数据中心气流组织优化与节能潜力分析},
	 school = {华南理工大学},
	 year = {2022}
 }

@article{17,
	author = {张雪娇 and 周军莉 and 邓勤犁 and other},
	title = {数据中心三种送风方式的对比研究},
	journal = {建筑科学},
	volume = {35},
	number = {102-107+115},
	year = {2019},
	issn = {1002-8528},
	doi ={10.13614/j.cnki.11-1962/tu.2019.02.17}
}

@mastersthesis{18,
	author = {徐坚强},
	title = {数据中心列间空调送风的气流组织优化和失效研究},
	school = {东华大学},
	year = {2023}
}

@article{19,
	author = {李红霞},
	title = {通信机房空调上送风与下送风方式的利弊分析},
	journal = {邮电设计技术},
	number = {60-62},
	year = {2004},
	issn = {1007-3043},
}

@mastersthesis{20,
	author = {严瀚},
	title = {气流组织对数据中心空调系统能耗影响的研究},
	school = {上海交通大学},
	year = {2017}
}

@mastersthesis{21,
	author = {申佳惠},
	title = {数据中心机房不同尺度下的气流组织优化研究},
	school = {重庆大学},
	year = {2019}
 }

